<?xml version="1.0" encoding="UTF-8"?><collection xmlns="http://www.loc.gov/MARC21/slim"><record><leader>00606nam--2200205-i-4500</leader><controlfield tag="001">000013419</controlfield><controlfield tag="002">20161230</controlfield><controlfield tag="005">20161230201030</controlfield><controlfield tag="008">060222s1000------------r-----000-0-eng-d</controlfield><datafield ind1=" " ind2=" " tag="020"><subfield code="a">9027710643</subfield></datafield><datafield ind1=" " ind2=" " tag="040"><subfield code="a">IFIN-HH</subfield></datafield><datafield ind1=" " ind2=" " tag="080"><subfield code="a">52:52O.6</subfield></datafield><datafield ind1="1" ind2=" " tag="100"><subfield code="a">Bernacca , Pier Luigi/S.A.</subfield></datafield><datafield ind1="1" ind2="0" tag="245"><subfield code="a">Astrophysics from spacelab</subfield><subfield code="c">Pier luigi bernacca, remo ruffini (eds.)</subfield></datafield><datafield ind1=" " ind2=" " tag="260"><subfield code="a">Dordrecht</subfield><subfield code="b">D.Reidel Publishing Company</subfield><subfield code="c">1980</subfield></datafield><datafield ind1=" " ind2=" " tag="300"><subfield code="a">XI + 664 P</subfield></datafield><datafield ind1=" " ind2=" " tag="490"><subfield code="a">Astrophysics And Space Sciebce Library</subfield><subfield code="v">Volume 81</subfield></datafield><datafield ind1="1" ind2=" " tag="700"><subfield code="a">Ruffini, Remo</subfield><subfield code="e">Ed</subfield></datafield><datafield ind1=" " ind2=" " tag="852"><subfield code="a">44737</subfield><subfield code="c">523</subfield></datafield><datafield ind1=" " ind2=" " tag="CAT"><subfield code="a">Sys</subfield><subfield code="c">20130830</subfield><subfield code="h">132538</subfield></datafield></record></collection>